%% This BibTeX bibliography file was created using BibDesk.
%% https://bibdesk.sourceforge.io/

%% Created for Matt at 2020-05-14 13:56:54 -0400 


%% Saved with string encoding Unicode (UTF-8) 



@article{Brockway:2017a,
	Author = {Paul E. Brockway and Harry Saunders and Matthew K. Heun and Timothy J. Foxon and Julia K. Steinberger and John R. Barrett and Steve Sorrell},
	Date-Added = {2020-05-14 13:56:53 -0400},
	Date-Modified = {2020-05-14 13:56:53 -0400},
	Doi = {10.3390/en10010051},
	Journal = {Energies},
	Keywords = {Constant elasticity of substitution (CES) function, Aggregate production function (APF), Energy efficiency, Energy rebound, Exergy efficiency, Exergy, Macroeconomic rebound, Energy policy, Rebound effect},
	Month = {7 January},
	Number = {51},
	Pages = {1-24},
	Title = {Energy Rebound as a Potential Threat to a Low-Carbon Future: Findings from a New Exergy-Based National-Level Rebound Approach},
	Volume = {10},
	Year = {2017},
	Bdsk-File-1 = {YnBsaXN0MDDSAQIDBFxyZWxhdGl2ZVBhdGhZYWxpYXNEYXRhXxBnLi4vLi4vRG9jdW1lbnRzL1BhcGVycy9GaWxlcy8yMDE3L0Jyb2Nrd2F5MjAxNy1FbmVyZ3kgUmVib3VuZCBhcyBhIFBvdGVudGlhbCBUaHJlYXQgdG8gYSBMb3ctQ2FyYm9uLnBkZk8RAj4AAAAAAj4AAgAADE1hY2ludG9zaCBIRAAAAAAAAAAAAAAAAAAAAAAAAABCRAAB/////x9Ccm9ja3dheTIwMTctRW5lcmcjRkZGRkZGRkYucGRmAAAAAAAAAAAAAAAAAAAAAAAAAAAAAAAAAAAAAAAAAAD/////AAAAAAAAAAAAAAAAAAIABQAACiBjdQAAAAAAAAAAAAAAAAAEMjAxNwACAG4vOlVzZXJzOm1raDI6RG9jdW1lbnRzOlBhcGVyczpGaWxlczoyMDE3OkJyb2Nrd2F5MjAxNy1FbmVyZ3kgUmVib3VuZCBhcyBhIFBvdGVudGlhbCBUaHJlYXQgdG8gYSBMb3ctQ2FyYm9uLnBkZgAOAIwARQBCAHIAbwBjAGsAdwBhAHkAMgAwADEANwAtAEUAbgBlAHIAZwB5ACAAUgBlAGIAbwB1AG4AZAAgAGEAcwAgAGEAIABQAG8AdABlAG4AdABpAGEAbAAgAFQAaAByAGUAYQB0ACAAdABvACAAYQAgAEwAbwB3AC0AQwBhAHIAYgBvAG4ALgBwAGQAZgAPABoADABNAGEAYwBpAG4AdABvAHMAaAAgAEgARAASAGxVc2Vycy9ta2gyL0RvY3VtZW50cy9QYXBlcnMvRmlsZXMvMjAxNy9Ccm9ja3dheTIwMTctRW5lcmd5IFJlYm91bmQgYXMgYSBQb3RlbnRpYWwgVGhyZWF0IHRvIGEgTG93LUNhcmJvbi5wZGYAEwABLwAAFQACAAv//wAAAAgADQAaACQAjgAAAAAAAAIBAAAAAAAAAAUAAAAAAAAAAAAAAAAAAALQ}}

@article{Borenstein:2015aa,
	Author = {Severin Borenstein},
	Date-Added = {2020-05-14 13:56:21 -0400},
	Date-Modified = {2020-05-14 13:56:21 -0400},
	Journal = {The Energy Journal},
	Keywords = {Conservation, Energy services, Energy efficiency gap, Fuel economy, Lighting efficiency, Takeback, Backfire, Rebound effect},
	Number = {1},
	Pages = {1-21},
	Title = {A Microeconomic Framework for Evaluating Energy Efficiency Rebound and Some Implications},
	Url = {https://www.jstor.org/stable/24695011},
	Volume = {36},
	Year = {2015},
	Bdsk-File-1 = {YnBsaXN0MDDSAQIDBFxyZWxhdGl2ZVBhdGhZYWxpYXNEYXRhXxBwLi4vLi4vRG9jdW1lbnRzL1BhcGVycy9GaWxlcy8yMDE1L0JvcmVuc3RlaW4yMDE1YS1BIE1pY3JvZWNvbm9taWMgRnJhbWV3b3JrIGZvciBFdmFsdWF0aW5nIEVuZXJneSBFZmZpY2llbmN5LnBkZk8RAmQAAAAAAmQAAgAADE1hY2ludG9zaCBIRAAAAAAAAAAAAAAAAAAAAAAAAABCRAAB/////x9Cb3JlbnN0ZWluMjAxNWEtQSAjRkZGRkZGRkYucGRmAAAAAAAAAAAAAAAAAAAAAAAAAAAAAAAAAAAAAAAAAAD/////AAAAAAAAAAAAAAAAAAIABQAACiBjdQAAAAAAAAAAAAAAAAAEMjAxNQACAHcvOlVzZXJzOm1raDI6RG9jdW1lbnRzOlBhcGVyczpGaWxlczoyMDE1OkJvcmVuc3RlaW4yMDE1YS1BIE1pY3JvZWNvbm9taWMgRnJhbWV3b3JrIGZvciBFdmFsdWF0aW5nIEVuZXJneSBFZmZpY2llbmN5LnBkZgAADgCeAE4AQgBvAHIAZQBuAHMAdABlAGkAbgAyADAAMQA1AGEALQBBACAATQBpAGMAcgBvAGUAYwBvAG4AbwBtAGkAYwAgAEYAcgBhAG0AZQB3AG8AcgBrACAAZgBvAHIAIABFAHYAYQBsAHUAYQB0AGkAbgBnACAARQBuAGUAcgBnAHkAIABFAGYAZgBpAGMAaQBlAG4AYwB5AC4AcABkAGYADwAaAAwATQBhAGMAaQBuAHQAbwBzAGgAIABIAEQAEgB1VXNlcnMvbWtoMi9Eb2N1bWVudHMvUGFwZXJzL0ZpbGVzLzIwMTUvQm9yZW5zdGVpbjIwMTVhLUEgTWljcm9lY29ub21pYyBGcmFtZXdvcmsgZm9yIEV2YWx1YXRpbmcgRW5lcmd5IEVmZmljaWVuY3kucGRmAAATAAEvAAAVAAIAC///AAAACAANABoAJACXAAAAAAAAAgEAAAAAAAAABQAAAAAAAAAAAAAAAAAAAv8=}}
