%% This BibTeX bibliography file was created using BibDesk.
%% http://bibdesk.sourceforge.net/

%% Created for Matt at 2019-06-29 16:17:42 -0400 


%% Saved with string encoding Unicode (UTF-8) 



@article{Heun:2019aa,
	Author = {Matthew Kuperus Heun and Paul E. Brockway},
	Date-Added = {2019-06-29 16:17:07 -0400},
	Date-Modified = {2019-06-29 16:17:07 -0400},
	Doi = {10.1016/j.apenergy.2019.01.255},
	Journal = {Applied Energy},
	Month = {May},
	Number = {112697},
	Pages = {1-24},
	Title = {Meeting 2030 primary energy and economic growth goals: Mission impossible?},
	Volume = {251},
	Year = {2019},
	Bdsk-File-1 = {YnBsaXN0MDDSAQIDBFxyZWxhdGl2ZVBhdGhZYWxpYXNEYXRhXxBXLi4vLi4vRG9jdW1lbnRzL1BhcGVycy9GaWxlcy8yMDE5L0hldW4yMDE5LU1lZXRpbmcgMjAzMCBwcmltYXJ5IGVuZXJneSBhbmQgZWNvbm9taWMucGRmTxEB/gAAAAAB/gACAAAMTWFjaW50b3NoIEhEAAAAAAAAAAAAAAAAAAAAAAAAAEJEAAH/////H0hldW4yMDE5LU1lZXRpbmcgMiNGRkZGRkZGRi5wZGYAAAAAAAAAAAAAAAAAAAAAAAAAAAAAAAAAAAAAAAAAAP////8AAAAAAAAAAAAAAAAAAgAFAAAKIGN1AAAAAAAAAAAAAAAAAAQyMDE5AAIAXi86VXNlcnM6bWF0dDpEb2N1bWVudHM6UGFwZXJzOkZpbGVzOjIwMTk6SGV1bjIwMTktTWVldGluZyAyMDMwIHByaW1hcnkgZW5lcmd5IGFuZCBlY29ub21pYy5wZGYADgBsADUASABlAHUAbgAyADAAMQA5AC0ATQBlAGUAdABpAG4AZwAgADIAMAAzADAAIABwAHIAaQBtAGEAcgB5ACAAZQBuAGUAcgBnAHkAIABhAG4AZAAgAGUAYwBvAG4AbwBtAGkAYwAuAHAAZABmAA8AGgAMAE0AYQBjAGkAbgB0AG8AcwBoACAASABEABIAXFVzZXJzL21hdHQvRG9jdW1lbnRzL1BhcGVycy9GaWxlcy8yMDE5L0hldW4yMDE5LU1lZXRpbmcgMjAzMCBwcmltYXJ5IGVuZXJneSBhbmQgZWNvbm9taWMucGRmABMAAS8AABUAAgAL//8AAAAIAA0AGgAkAH4AAAAAAAACAQAAAAAAAAAFAAAAAAAAAAAAAAAAAAACgA==}}

@techreport{International-Energy-Agency:2018a,
	Author = {{International Energy Agency}},
	Date-Added = {2019-06-29 15:56:51 -0400},
	Date-Modified = {2019-06-29 16:16:49 -0400},
	Title = {{Key World Energy Statistics 2018}},
	Url = {https://webstore.iea.org/key-world-energy-statistics-2018},
	Year = {2018},
	Bdsk-Url-1 = {https://webstore.iea.org/key-world-energy-statistics-2018}}
